@article{schedl2018current,
  title={Current challenges and visions in music recommender systems research},
  author={Schedl, Markus and Zamani, Hamed and Chen, Ching-Wei and Deldjoo, Yashar and Elahi, Mehdi},
  journal={International Journal of Multimedia Information Retrieval},
  volume={7},
  number={2},
  pages={95--116},
  year={2018},
  publisher={Springer}
}

@article{bonnin2015automated,
  title={Automated generation of music playlists: Survey and experiments},
  author={Bonnin, Geoffray and Jannach, Dietmar},
  journal={ACM Computing Surveys (CSUR)},
  volume={47},
  number={2},
  pages={26},
  year={2015},
  publisher={ACM}
}

@inproceedings{hariri2012context,
  title={Context-aware music recommendation based on latenttopic sequential patterns},
  author={Hariri, Negar and Mobasher, Bamshad and Burke, Robin},
  booktitle={Proceedings of the sixth ACM conference on Recommender systems},
  pages={131--138},
  year={2012},
  organization={ACM}
}

@inproceedings{bogdanov2013essentia,
  title={Essentia: An audio analysis library for music information retrieval},
  author={Bogdanov, Dmitry and Wack, Nicolas and G{\'o}mez Guti{\'e}rrez, Emilia and Gulati, Sankalp and Herrera Boyer, Perfecto and Mayor, Oscar and Roma Trepat, Gerard and Salamon, Justin and Zapata Gonz{\'a}lez, Jos{\'e} Ricardo and Serra, Xavier},
  booktitle={14th Conference of the International Society for Music Information Retrieval; (Nov 2013); Curitiba, Brazil.; p. 493-8.},
  year={2013},
  organization={ISMIR}
}

@inproceedings{bogdanov2016cross,
  title={Cross-collection evaluation for music classification tasks},
  author={Bogdanov, Dmitry and Porter, Alastair and Herrera Boyer, Perfecto and Serra, Xavier},
  booktitle={Proceedings of the 17th International Society for Music Information Retrieval Conference; (Aug 2016); New York City (NY).; p. 379-85.},
  year={2016},
  organization={ISMIR}
}

@inproceedings{weston2011wsabie,
  title={Wsabie: Scaling up to large vocabulary image annotation},
  author={Weston, Jason and Bengio, Samy and Usunier, Nicolas},
  booktitle={IJCAI},
  volume={11},
  pages={2764--2770},
  year={2011}
}

@article{kula2015metadata,
  title={Metadata embeddings for user and item cold-start recommendations},
  author={Kula, Maciej},
  journal={arXiv preprint arXiv:1507.08439},
  year={2015}
}

@inproceedings{zhang2010fusion,
  title={Fusion-based recommender system},
  author={Zhang, Keshu and Li, Haifeng},
  booktitle={13th Conference on Information Fusion (FUSION) },
  pages={1--7},
  year={2010},
  organization={IEEE}
}


@book{Ricci:2010:RSH:1941884,
 author = {Ricci, Francesco and Rokach, Lior and Shapira, Bracha and Kantor, Paul B.},
 title = {Recommender Systems Handbook},
 year = {2010},
 isbn = {0387858199, 9780387858197},
 edition = {1st},
 publisher = {Springer-Verlag},
 address = {Berlin, Heidelberg},
} 

@incollection{schedl2015music,
  title={Music recommender systems},
  author={Schedl, Markus and Knees, Peter and McFee, Brian and Bogdanov, Dmitry and Kaminskas, Marius},
  booktitle={Recommender systems handbook},
  pages={453--492},
  year={2015},
  publisher={Springer}
}

@misc{hogan_2010,
  author =       {Hogan, Marc},
  title =        {Up Next: How Playlists are Curating the Future of Music},
  editor =       {Pitchfork.com},
  year =         {2015},
  note = {Accessed on 12.07.2018},
  howpublished = {\url{https://pitchfork.com/features/article/9686-up-next-how-playlists-are-curating-the-future-of-music/}}
}

@inproceedings{RecSysChallenge2018,
 author = {Chen, Ching-Wei and Lamere, Paul and Schedl, Markus and Zamani, Hamed},
 title = {RecSys Challenge 2018: Automatic Music Playlist Continuation},
 booktitle = {Proceedings of the 12th ACM Conference on Recommender Systems},
 series = {RecSys '18},
 year = {2018},
 location = {Vancouver, BC, Canada},
 publisher = {ACM},
 address = {New York, NY, USA},
}
